<record><leader>00000cas a2200000 a 4500</leader><controlfield tag="001">8803777</controlfield><controlfield tag="008">820924d18521872cauwr ne      0   a0eng  </controlfield><datafield ind1=" " ind2=" " tag="010"><subfield code="a">sn 82015099 </subfield></datafield><datafield ind1=" " ind2=" " tag="040"><subfield code="a">DLC</subfield><subfield code="b">eng</subfield><subfield code="c">DLC</subfield><subfield code="d">NPU</subfield><subfield code="d">DLC</subfield><subfield code="d">NPX</subfield><subfield code="d">DLC</subfield><subfield code="d">CNK</subfield><subfield code="d">OCL</subfield><subfield code="d">CNK</subfield><subfield code="d">OCLCO</subfield><subfield code="d">OCLCQ</subfield><subfield code="d">OCLCF</subfield></datafield><datafield ind1=" " ind2=" " tag="042"><subfield code="a">pcc</subfield></datafield><datafield ind1=" " ind2=" " tag="043"><subfield code="a">n-us-ca</subfield></datafield><datafield ind1="0" ind2="0" tag="050"><subfield code="a">Newspaper 7114-X</subfield></datafield><datafield ind1="0" ind2=" " tag="130"><subfield code="a">Shasta courier (Shasta, Calif.)</subfield></datafield><datafield ind1="1" ind2="4" tag="245"><subfield code="a">The Shasta courier.</subfield></datafield><datafield ind1=" " ind2=" " tag="260"><subfield code="a">Shasta, Calif. :</subfield><subfield code="b">Skillman &amp; Co.</subfield></datafield><datafield ind1=" " ind2=" " tag="300"><subfield code="a">v. :</subfield><subfield code="b">ill. (chiefly advertisements) ;</subfield><subfield code="c">59 cm.</subfield></datafield><datafield ind1=" " ind2=" " tag="310"><subfield code="a">Weekly</subfield></datafield><datafield ind1="1" ind2=" " tag="362"><subfield code="a">Began with Mar. 12, 1852 issue.</subfield><subfield code="z">Cf. NIM.</subfield></datafield><datafield ind1="0" ind2=" " tag="362"><subfield code="a">-v. 21, no. 38 (Dec. 14, 1872).</subfield></datafield><datafield ind1=" " ind2=" " tag="500"><subfield code="a">Publishers: Skillman &amp; Co., 1852; Skillman &amp; Dosh, 1852-&lt;1858&gt;.</subfield></datafield><datafield ind1=" " ind2=" " tag="500"><subfield code="a">Editors: Samuel H. Dosh, Archibald Skillman, &lt;1853-1854&gt;.</subfield></datafield><datafield ind1=" " ind2=" " tag="515"><subfield code="a">Suspended Nov. 28, 1852-Mar. 1853 due to fire. Cf. Kemble, E.C. Hist. of Calif. Newspapers, 1846-1858.</subfield></datafield><datafield ind1=" " ind2=" " tag="530"><subfield code="a">Master negatives are available for duplication from:</subfield><subfield code="b">California Newspaper Microfilm Archive;</subfield><subfield code="c">positive copies may be purchased by the reel; for further information consult the CNMA at:</subfield><subfield code="u">http://cbsr.ucr.edu</subfield></datafield><datafield ind1=" " ind2=" " tag="588"><subfield code="a">Description based on: Vol. 1, whole no. 2 (Mar. 20, 1852).</subfield></datafield><datafield ind1=" " ind2="0" tag="651"><subfield code="a">Shasta (Calif.)</subfield><subfield code="v">Newspapers.</subfield></datafield><datafield ind1=" " ind2="7" tag="655"><subfield code="a">Newspapers.</subfield><subfield code="2">fast</subfield><subfield code="0">(OCoLC)fst01423814</subfield></datafield><datafield ind1=" " ind2="7" tag="651"><subfield code="a">California</subfield><subfield code="z">Shasta.</subfield><subfield code="2">fast</subfield><subfield code="0">(OCoLC)fst01264636</subfield></datafield><datafield ind1=" " ind2=" " tag="752"><subfield code="a">United States</subfield><subfield code="b">California</subfield><subfield code="c">Shasta</subfield><subfield code="d">Shasta.</subfield></datafield><datafield ind1="0" ind2="0" tag="785"><subfield code="t">Weekly Shasta courier</subfield><subfield code="w">(DLC)sn 85025132</subfield></datafield></record>